@article{Buchsbaum19801,
title = "A spatial processor model for object colour perception ",
journal = "Journal of the Franklin Institute ",
volume = "310",
number = "1",
pages = "1 - 26",
year = "1980",
note = "",
issn = "0016-0032",
doi = "http://dx.doi.org/10.1016/0016-0032(80)90058-7",
url = "http://www.sciencedirect.com/science/article/pii/0016003280900587",
author = "G. Buchsbaum"
}

@inproceedings{finlayson2004shades,
  title={Shades of gray and colour constancy},
  author={Finlayson, Graham D and Trezzi, Elisabetta},
  booktitle={Color and Imaging Conference},
  volume={2004},
  number={1},
  pages={37--41},
  year={2004},
  organization={Society for Imaging Science and Technology}
}

@article{van2007edge,
  title={Edge-based color constancy},
  author={Van De Weijer, Joost and Gevers, Theo and Gijsenij, Arjan},
  journal={IEEE Transactions on image processing},
  volume={16},
  number={9},
  pages={2207--2214},
  year={2007},
  publisher={IEEE}
}

@inproceedings{riess2010scene,
  title={Scene illumination as an indicator of image manipulation},
  author={Riess, Christian and Angelopoulou, Elli},
  booktitle={International Workshop on Information Hiding},
  pages={66--80},
  year={2010},
  organization={Springer}
}

@article{tan2004color,
  title={Color constancy through inverse-intensity chromaticity space},
  author={Tan, Robby T and Nishino, Ko and Ikeuchi, Katsushi},
  journal={JOSA A},
  volume={21},
  number={3},
  pages={321--334},
  year={2004},
  publisher={Optical Society of America}
}

@article{tominaga1989standard,
  title={Standard surface-reflectance model and illuminant estimation},
  author={Tominaga, Shoji and Wandell, Brian A},
  journal={JOSA A},
  volume={6},
  number={4},
  pages={576--584},
  year={1989},
  publisher={Optical Society of America}
}

@article{carvalho2016illuminant,
  title={Illuminant-based transformed spaces for image forensics},
  author={Carvalho, Tiago and Faria, F{\'a}bio A and Pedrini, H{\'e}lio and Torres, Ricardo da S and Rocha, Anderson},
  journal={IEEE Transactions on Information Forensics and Security},
  volume={11},
  number={4},
  pages={720--733},
  year={2016},
  publisher={IEEE}
}
